@article{enunciado,
    author = {PCS3724},
    title = {Enunciado Projeto de Rede Local},
    journal = {Tidia-Ae},
    year = {2023},
}
